@book{Lamport94,
author    = "Leslie Lamport",
title     = "A Document Preparation System: User's Guide and Reference",
publisher = "Addison-Wesley Professional",
year      = "1994",
edition    = "second",
note      = "illustrations by Duane Bibby"
}

@book{Knuth84,
author    = "Donald Knuth",
title     = "The TeXbook",
publisher = "Addison-Wesley",
year      = 1984,
note      = "illustrations by Duane Bibby"
}




